@book{decadas, 
    title = {The mathematical theory of infectious diseases and its applications}, 
    edition = 2, 
    author = {Bailey and Britton}, 
    year = 1975, 
    publisher = {London: Griffin}
}

@article{virus, 
    author = {Fransson and Trapman}, 
    title = {SIR epidemics and vaccination on random graphs with clustering}, 
    journal = {Journal of Mathematical Biology}, 
    volume = 7, 
    number = 78, 
    pages = {2369--2398}, 
    year = 2019, 
    DOI = {10.1007/s00285-019-01347-2}
}

@article{epidemias, 
    author = {Hassin and Hoertel}, 
    title = {A simple markovian spreading process with mobile agents},
    journal = {Stochastic Systems}, 
    volume = 11, 
    number = 1,
    pages = {19--33}, 
    year = 2021, 
    DOI = {10.1287/stsy.2019.0061}
}

@article{existentes,
    author = {Hoertel and Blachier and Blanco and Olfson and Massetti and  M. Rico and Leleu}, 
    title = {A stochastic agent based model of the SARS-CoV-2 epidemic in France}, 
    journal = {Nature Medicine}, 
    volume = 9, 
    number = 26, 
    pages = {1417--1421}, 
    DOI = {10.1038/s41591-020-1001-6}
}

@article{transporte, 
    author = {Hoertel and Blachier and Blanco and Olfson and Massetti and  M. Rico y Leleu}, 
    title = {A stochastic agent based model of the SARS-CoV-2 epidemic in France}, 
    journal = {Nature Medicine}, 
    volume = 9, 
    number = 26, 
    pages = {1417--1421}, 
    DOI = {10.1038/s41591-020-1001-6}
}

@article{contagio, 
    author = {Nowzari and Preciado and Pappas}, 
    title = {Analysis and control of epidemics}, 
    journal = {IEEE Control Systems}, 
    volume = 1, 
    number = 36, 
    pages = {26--42}, 
    year = 2016, 
    DOI = {10.1109/MCS.2015.2495000}
}

@article{finanzas, 
    author = {Samitas and Polyzos and Siriopoulos}, 
    title = {Brexit and financial stability: An agent-based simulation}, 
    journal = {Economic Modelling}, 
    number = 69, 
    pages = {181--192},
    year = 2018, 
    DOI = {10.1016/j.econmod.2017.09.019}
}
